@article{bora2017compressed,
  title={Compressed sensing using generative models},
  author={Bora, Ashish and Jalal, Ajil and Price, Eric and Dimakis, Alexandros G},
  journal={arXiv preprint arXiv:1703.03208},
  year={2017},
  url={https://arxiv.org/abs/1703.03208}
}

@article{lucas2018using,
  title={Using deep neural networks for inverse problems in imaging: beyond analytical methods},
  author={Lucas, Alice and Iliadis, Michael and Molina, Rafael and Katsaggelos, Aggelos K},
  journal={IEEE Signal Processing Magazine},
  volume={35},
  number={1},
  pages={20--36},
  year={2018},
  publisher={IEEE},
  url={https://ieeexplore.ieee.org/abstract/document/8253590}
}

@inproceedings{chang2017one,
  title={One Network to Solve Them All-Solving Linear Inverse Problems using Deep Projection Models.},
  author={Chang, Jen-Hao Rick and Li, Chun-Liang and Poczos, Barnabas and Kumar, BVK Vijaya and Sankaranarayanan, Aswin C},
  booktitle={ICCV},
  pages={5889--5898},
  year={2017},
  url={http://openaccess.thecvf.com/content_ICCV_2017/papers/Chang_One_Network_to_ICCV_2017_paper.pdf}
}

@article{mardani2017deep,
  title={Deep generative adversarial networks for compressed sensing automates MRI},
  author={Mardani, Morteza and Gong, Enhao and Cheng, Joseph Y and Vasanawala, Shreyas and Zaharchuk, Greg and Alley, Marcus and Thakur, Neil and Han, Song and Dally, William and Pauly, John M and others},
  journal={arXiv preprint arXiv:1706.00051},
  year={2017},
  url={https://arxiv.org/abs/1706.00051}
}

@article{mardani2018neural,
  title={Neural Proximal Gradient Descent for Compressive Imaging},
  author={Mardani, Morteza and Sun, Qingyun and Vasawanala, Shreyas and Papyan, Vardan and Monajemi, Hatef and Pauly, John and Donoho, David},
  journal={arXiv preprint arXiv:1806.03963},
  year={2018},
  pdf={http://stanford.edu/~qysun/NIPS2018-neural-proximal-gradient-descent-for-compressive-imaging.pdf}
}

@inproceedings{dauphin2014identifying,
  title={Identifying and attacking the saddle point problem in high-dimensional non-convex optimization},
  author={Dauphin, Yann N and Pascanu, Razvan and Gulcehre, Caglar and Cho, Kyunghyun and Ganguli, Surya and Bengio, Yoshua},
  booktitle={Advances in neural information processing systems},
  pages={2933--2941},
  year={2014},
  pdf={https://papers.nips.cc/paper/5486-identifying-and-attacking-the-saddle-point-problem-in-high-dimensional-non-convex-optimization.pdf}
}

@article{krull2018noise2void,
  title={Noise2Void-Learning Denoising from Single Noisy Images},
  author={Krull, Alexander and Buchholz, Tim-Oliver and Jug, Florian},
  journal={arXiv preprint arXiv:1811.10980},
  year={2018},
  url={https://arxiv.org/abs/1811.10980}
}

@inproceedings{lin2018pacgan,
  title={PacGAN: The power of two samples in generative adversarial networks},
  author={Lin, Zinan and Khetan, Ashish and Fanti, Giulia and Oh, Sewoong},
  booktitle={Advances in Neural Information Processing Systems},
  pages={1505--1514},
  year={2018},
  pdf={http://papers.nips.cc/paper/7423-pacgan-the-power-of-two-samples-in-generative-adversarial-networks.pdf}
}

@article{recht2018tour,
  title={A tour of reinforcement learning: The view from continuous control},
  author={Recht, Benjamin},
  journal={Annual Review of Control, Robotics, and Autonomous Systems},
  year={2018},
  publisher={Annual Reviews},
  url={https://arxiv.org/abs/1806.09460}
}

@article{zhang2016understanding,
  title={Understanding deep learning requires rethinking generalization},
  author={Zhang, Chiyuan and Bengio, Samy and Hardt, Moritz and Recht, Benjamin and Vinyals, Oriol},
  journal={arXiv preprint arXiv:1611.03530},
  year={2016},
  url={https://arxiv.org/abs/1611.03530}
}
@article{kawaguchi2017generalization,
  title={Generalization in deep learning},
  author={Kawaguchi, Kenji and Kaelbling, Leslie Pack and Bengio, Yoshua},
  journal={arXiv preprint arXiv:1710.05468},
  year={2017},
  url={https://arxiv.org/abs/1710.05468}
}

@incollection{hardt2016equality,
title = {Equality of Opportunity in Supervised Learning},
author = {Hardt, Moritz and Price, Eric and  and Srebro, Nati},
booktitle = {Advances in Neural Information Processing Systems 29},
editor = {D. D. Lee and M. Sugiyama and U. V. Luxburg and I. Guyon and R. Garnett},
pages = {3315--3323},
year = {2016},
publisher = {Curran Associates, Inc.},
pdf = {http://papers.nips.cc/paper/6374-equality-of-opportunity-in-supervised-learning.pdf}
}

@inproceedings{neyshabur2018role,
title={The role of over-parametrization in generalization of neural networks},
author={Behnam Neyshabur and Zhiyuan Li and Srinadh Bhojanapalli and Yann LeCun and Nathan Srebro},
booktitle={International Conference on Learning Representations},
year={2019},
url={https://openreview.net/forum?id=BygfghAcYX},
}

@article{gunasekar2018characterizing,
  title={Characterizing implicit bias in terms of optimization geometry},
  author={Gunasekar, Suriya and Lee, Jason and Soudry, Daniel and Srebro, Nathan},
  journal={arXiv preprint arXiv:1802.08246},
  year={2018}
}

@incollection{blum2018preserving,
title = {On preserving non-discrimination when combining expert advice},
author = {Blum, Avrim and Gunasekar, Suriya and Lykouris, Thodoris and Srebro, Nati},
booktitle = {Advances in Neural Information Processing Systems 31},
editor = {S. Bengio and H. Wallach and H. Larochelle and K. Grauman and N. Cesa-Bianchi and R. Garnett},
pages = {8386--8397},
year = {2018},
publisher = {Curran Associates, Inc.},
pdf = {http://papers.nips.cc/paper/8058-on-preserving-non-discrimination-when-combining-expert-advice.pdf}
}

@article{nacson2018convergence,
  title={Convergence of Gradient Descent on Separable Data},
  author={Nacson, Mor Shpigel and Lee, Jason and Gunasekar, Suriya and Srebro, Nathan and Soudry, Daniel},
  journal={arXiv preprint arXiv:1803.01905},
  year={2018},
  url={https://arxiv.org/abs/1803.01905}
}

@article{DBLP:journals/corr/NeyshaburTSS17,
  author    = {Behnam Neyshabur and
               Ryota Tomioka and
               Ruslan Salakhutdinov and
               Nathan Srebro},
  title     = {Geometry of Optimization and Implicit Regularization in Deep Learning},
  journal   = {CoRR},
  volume    = {abs/1705.03071},
  year      = {2017},
  url       = {http://arxiv.org/abs/1705.03071},
  archivePrefix = {arXiv},
  eprint    = {1705.03071},
  timestamp = {Mon, 13 Aug 2018 16:47:56 +0200},
  biburl    = {https://dblp.org/rec/bib/journals/corr/NeyshaburTSS17},
  bibsource = {dblp computer science bibliography, https://dblp.org}
}

@incollection{neyshabur2017exploring,
title = {Exploring Generalization in Deep Learning},
author = {Neyshabur, Behnam and Bhojanapalli, Srinadh and Mcallester, David and Srebro, Nati},
booktitle = {Advances in Neural Information Processing Systems 30},
editor = {I. Guyon and U. V. Luxburg and S. Bengio and H. Wallach and R. Fergus and S. Vishwanathan and R. Garnett},
pages = {5947--5956},
year = {2017},
publisher = {Curran Associates, Inc.},
pdf = {http://papers.nips.cc/paper/7176-exploring-generalization-in-deep-learning.pdf}
}

@incollection{gunasekar2017implicit,
title = {Implicit Regularization in Matrix Factorization},
author = {Gunasekar, Suriya and Woodworth, Blake E and Bhojanapalli, Srinadh and Neyshabur, Behnam and Srebro, Nati},
booktitle = {Advances in Neural Information Processing Systems 30},
editor = {I. Guyon and U. V. Luxburg and S. Bengio and H. Wallach and R. Fergus and S. Vishwanathan and R. Garnett},
pages = {6151--6159},
year = {2017},
publisher = {Curran Associates, Inc.},
pdf = {http://papers.nips.cc/paper/7195-implicit-regularization-in-matrix-factorization.pdf}
}

@incollection{bhojanapalli2016global,
title = {Global Optimality of Local Search for Low Rank Matrix Recovery},
author = {Bhojanapalli, Srinadh and Neyshabur, Behnam and Srebro, Nati},
booktitle = {Advances in Neural Information Processing Systems 29},
editor = {D. D. Lee and M. Sugiyama and U. V. Luxburg and I. Guyon and R. Garnett},
pages = {3873--3881},
year = {2016},
publisher = {Curran Associates, Inc.},
pdf = {http://papers.nips.cc/paper/6271-global-optimality-of-local-search-for-low-rank-matrix-recovery.pdf}
}

@incollection{ge2016matrix,
title = {Matrix Completion has No Spurious Local Minimum},
author = {Ge, Rong and Lee, Jason D and Ma, Tengyu},
booktitle = {Advances in Neural Information Processing Systems 29},
editor = {D. D. Lee and M. Sugiyama and U. V. Luxburg and I. Guyon and R. Garnett},
pages = {2973--2981},
year = {2016},
publisher = {Curran Associates, Inc.},
pdf = {http://papers.nips.cc/paper/6048-matrix-completion-has-no-spurious-local-minimum.pdf}
}

@article{lee2017first,
  title={First-order methods almost always avoid saddle points},
  author={Lee, Jason D and Panageas, Ioannis and Piliouras, Georgios and Simchowitz, Max and Jordan, Michael I and Recht, Benjamin},
  journal={arXiv preprint arXiv:1710.07406},
  year={2017},
  url={https://arxiv.org/abs/1710.07406}
}
@inproceedings{neyshabur2015path,
  title={Path-sgd: Path-normalized optimization in deep neural networks},
  author={Neyshabur, Behnam and Salakhutdinov, Ruslan R and Srebro, Nati},
  booktitle={Advances in Neural Information Processing Systems},
  pages={2422--2430},
  year={2015}
}

@inproceedings{wilson2017marginal,
  title={The marginal value of adaptive gradient methods in machine learning},
  author={Wilson, Ashia C and Roelofs, Rebecca and Stern, Mitchell and Srebro, Nati and Recht, Benjamin},
  booktitle={Advances in Neural Information Processing Systems},
  pages={4148--4158},
  year={2017}
}

@article{hardt2015train,
  title={Train faster, generalize better: Stability of stochastic gradient descent},
  author={Hardt, Moritz and Recht, Benjamin and Singer, Yoram},
  journal={arXiv preprint arXiv:1509.01240},
  year={2015}
}
@article{keskar2016large,
  title={On large-batch training for deep learning: Generalization gap and sharp minima},
  author={Keskar, Nitish Shirish and Mudigere, Dheevatsa and Nocedal, Jorge and Smelyanskiy, Mikhail and Tang, Ping Tak Peter},
  journal={arXiv preprint arXiv:1609.04836},
  year={2016}
}
@inproceedings{hoffer2017train,
  title={Train longer, generalize better: closing the generalization gap in large batch training of neural networks},
  author={Hoffer, Elad and Hubara, Itay and Soudry, Daniel},
  booktitle={Advances in Neural Information Processing Systems},
  pages={1731--1741},
  year={2017}
}

@article{so2008unified,
  title={A unified theorem on SDP rank reduction},
  author={So, Anthony Man-Cho and Ye, Yinyu and Zhang, Jiawei},
  journal={Mathematics of Operations Research},
  volume={33},
  number={4},
  pages={910--920},
  year={2008},
  publisher={INFORMS},
  pdf={http://www1.se.cuhk.edu.hk/~manchoso/papers/SDPrank-MOR.pdf}
}
@book{barvinok2002course,
  title={A course in convexity},
  author={Barvinok, Alexander},
  volume={54},
  year={2002},
  publisher={American Mathematical Soc.},
  url={https://books.google.com/books?hl=en&lr=&id=P9yFAwAAQBAJ&oi=fnd&pg=PR7&dq=A+course+in+convexity&ots=dXsZoqUjw-&sig=rln0RtSXAiNw3xeE9Wz9sHSESFk}
}

@inproceedings{hazan2008sparse,
	title={Sparse approximate solutions to semidefinite programs},
	author={Hazan, Elad},
	booktitle={Latin American Symposium on Theoretical Informatics},
	pages={306--316},
	year={2008},
	organization={Springer}
}
@article{askari2018lifted,
  author    = {Armin Askari and
               Geoffrey Negiar and
               Rajiv Sambharya and
               Laurent El Ghaoui},
  title     = {Lifted Neural Networks},
  journal   = {CoRR},
  volume    = {abs/1805.01532},
  year      = {2018},
  url       = {http://arxiv.org/abs/1805.01532},
  archivePrefix = {arXiv},
  eprint    = {1805.01532},
  timestamp = {Mon, 13 Aug 2018 16:48:17 +0200},
  biburl    = {https://dblp.org/rec/bib/journals/corr/abs-1805-01532},
  bibsource = {dblp computer science bibliography, https://dblp.org}
}
@article{janzamin2015generalization,
  author    = {Majid Janzamin and Hanie Sedghi and Anima Anandkumar},
  title     = {Generalization Bounds for Neural Networks through Tensor Factorization},
  journal   = {CoRR},
  volume    = {abs/1506.08473},
  year      = {2015},
  url       = {http://arxiv.org/abs/1506.08473},
  archivePrefix = {arXiv},
  eprint    = {1506.08473},
  timestamp = {Mon, 13 Aug 2018 16:47:49 +0200},
  biburl    = {https://dblp.org/rec/bib/journals/corr/JanzaminSA15},
  bibsource = {dblp computer science bibliography, https://dblp.org},
  url = {https://arxiv.org/abs/1506.08473}
}

@inproceedings{kossaifi2017tensor,
  title={Tensor contraction layers for parsimonious deep nets},
  author={Kossaifi, Jean and Khanna, Aran and Lipton, Zachary and Furlanello, Tommaso and Anandkumar, Anima},
  booktitle={Computer Vision and Pattern Recognition Workshops (CVPRW), 2017 IEEE Conference on},
  pages={1940--1946},
  year={2017},
  organization={IEEE},
  pdf={http://openaccess.thecvf.com/content_cvpr_2017_workshops/w29/papers/Kossaifi_Tensor_Contraction_Layers_CVPR_2017_paper.pdf}
}

@article{bernstein2018sign,
  author    = {Jeremy Bernstein and Yu{-}Xiang Wang and Kamyar Azizzadenesheli and Anima Anandkumar},
  title     = {signSGD: compressed optimisation for non-convex problems},
  journal   = {CoRR},
  volume    = {abs/1802.04434},
  year      = {2018},
  url       = {http://arxiv.org/abs/1802.04434},
  archivePrefix = {arXiv},
  eprint    = {1802.04434},
  timestamp = {Mon, 13 Aug 2018 16:46:45 +0200},
  biburl    = {https://dblp.org/rec/bib/journals/corr/abs-1802-04434},
  bibsource = {dblp computer science bibliography, https://dblp.org}
}

@inproceedings{goh2016satisfying,
  title={Satisfying real-world goals with dataset constraints},
  author={Goh, Gabriel and Cotter, Andrew and Gupta, Maya and Friedlander, Michael P},
  booktitle={Advances in Neural Information Processing Systems},
  pages={2415--2423},
  year={2016},
  url={http://papers.nips.cc/paper/6315-satisfying-real-world-goals-with-dataset-constraints}
}
@article{hashimoto2018fairness,
  title={Fairness Without Demographics in Repeated Loss Minimization},
  author={Hashimoto, Tatsunori B and Srivastava, Megha and Namkoong, Hongseok and Liang, Percy},
  journal={arXiv preprint arXiv:1806.08010},
  year={2018},
  url={https://arxiv.org/abs/1806.08010}
}
@article{sinha2017certifiable,
  title={Certifiable distributional robustness with principled adversarial training},
  author={Sinha, Aman and Namkoong, Hongseok and Duchi, John},
  journal={arXiv preprint arXiv:1710.10571},
  year={2017},
  url={https://arxiv.org/abs/1710.10571}
}

@article{barvinok1995problems,
	title={Problems of distance geometry and convex properties of quadratic maps},
	author={Barvinok, Alexander I.},
	journal={Discrete \& Computational Geometry},
	volume={13},
	number={2},
	pages={189--202},
	year={1995},
	publisher={Springer},
  url={https://link.springer.com/article/10.1007/BF02574037}
}

@article{burer2003nonlinear,
	title={A nonlinear programming algorithm for solving semidefinite programs via low-rank factorization},
	author={Burer, Samuel and Monteiro, Renato DC},
	journal={Mathematical Programming},
	volume={95},
	number={2},
	pages={329--357},
	year={2003},
	publisher={Springer},
  url={https://idp.springer.com/authorize/casa?redirect_uri=https://link.springer.com/article/10.1007/s10107-002-0352-8&casa_token=ujl5z5jtM24AAAAA:1gkoHIg2jKLdajEcKQKH6-r2DCewHhUzeUj0_JvQC4KlPk5qA_pGI6SVK0ZAMUeIPZvwMrrKjRKlXwSQ}
}

@article{yurtsever2017sketchy,
	title={Sketchy decisions: Convex low-rank matrix optimization with optimal storage},
	author={Yurtsever, Alp and Udell, Madeleine and Tropp, Joel A and Cevher, Volkan},
	journal={arXiv preprint arXiv:1702.06838},
	year={2017},
  url={https://arxiv.org/abs/1702.06838}
}
@article{pataki1998rank,
	title={On the rank of extreme matrices in semidefinite programs and the multiplicity of optimal eigenvalues},
	author={Pataki, G{\'a}bor},
	journal={Mathematics of operations research},
	volume={23},
	number={2},
	pages={339--358},
	year={1998},
	publisher={INFORMS},
  url={https://pubsonline.informs.org/doi/abs/10.1287/moor.23.2.339}
}

@inproceedings{jaggi2013revisiting,
  title={Revisiting Frank-Wolfe: Projection-Free Sparse Convex Optimization.},
  author={Jaggi, Martin},
  booktitle={ICML (1)},
  pages={427--435},
  year={2013}
}

@inproceedings{boumal2016non,
	title={The non-convex Burer-Monteiro approach works on smooth semidefinite programs},
	author={Boumal, Nicolas and Voroninski, Vlad and Bandeira, Afonso},
	booktitle={Advances in Neural Information Processing Systems},
	pages={2757--2765},
	year={2016}
}
@article{bhojanapalli2018smoothed,
	title={Smoothed analysis for low-rank solutions to semidefinite programs in quadratic penalty form},
	author={Bhojanapalli, Srinadh and Boumal, Nicolas and Jain, Prateek and Netrapalli, Praneeth},
	journal={arXiv preprint arXiv:1803.00186},
	year={2018}
}

@article{journee2010low,
  title={Low-rank optimization on the cone of positive semidefinite matrices},
  author={Journ{\'e}e, Michel and Bach, Francis and Absil, P-A and Sepulchre, Rodolphe},
  journal={SIAM Journal on Optimization},
  volume={20},
  number={5},
  pages={2327--2351},
  year={2010},
  publisher={SIAM},
  url={https://epubs.siam.org/doi/abs/10.1137/080731359}
}
@article{boumal2014manopt,
  title={Manopt, a Matlab toolbox for optimization on manifolds},
  author={Boumal, Nicolas and Mishra, Bamdev and Absil, P-A and Sepulchre, Rodolphe},
  journal={The Journal of Machine Learning Research},
  volume={15},
  number={1},
  pages={1455--1459},
  year={2014},
  publisher={JMLR. org},
  pdf={http://www.jmlr.org/papers/volume15/boumal14a/boumal14a.pdf}
}

@inproceedings{lee2016gradient,
  title={Gradient descent only converges to minimizers},
  author={Lee, Jason D and Simchowitz, Max and Jordan, Michael I and Recht, Benjamin},
  booktitle={Conference on Learning Theory},
  pages={1246--1257},
  year={2016},
  url={http://www.jmlr.org/proceedings/papers/v49/lee16.pdf}
}

@inproceedings{garber2011approximating,
  title={Approximating semidefinite programs in sublinear time},
  author={Garber, Dan and Hazan, Elad},
  booktitle={Advances in Neural Information Processing Systems},
  pages={1080--1088},
  year={2011},
  url={http://papers.nips.cc/paper/4198-approximating-semidefinite-programs-in-sublinear-time}
}

@article{ma2017implicit,
  title={Implicit regularization in nonconvex statistical estimation: Gradient descent converges linearly for phase retrieval, matrix completion and blind deconvolution},
  author={Ma, Cong and Wang, Kaizheng and Chi, Yuejie and Chen, Yuxin},
  journal={arXiv preprint arXiv:1711.10467},
  year={2017},
  pdf={https://arxiv.org/pdf/1711.10467.pdf}
}
@article{liu2018delayed,
  title={Delayed impact of fair machine learning},
  author={Liu, Lydia T and Dean, Sarah and Rolf, Esther and Simchowitz, Max and Hardt, Moritz},
  journal={arXiv preprint arXiv:1803.04383},
  year={2018},
  pdf={https://arxiv.org/pdf/1803.04383.pdf}
}
@incollection{chen2018neural,
title = {Neural Ordinary Differential Equations},
author = {Chen, Tian Qi and Rubanova, Yulia and Bettencourt, Jesse and Duvenaud, David K},
booktitle = {Advances in Neural Information Processing Systems 31},
editor = {S. Bengio and H. Wallach and H. Larochelle and K. Grauman and N. Cesa-Bianchi and R. Garnett},
pages = {6572--6583},
year = {2018},
publisher = {Curran Associates, Inc.},
pdf = {http://papers.nips.cc/paper/7892-neural-ordinary-differential-equations.pdf}
}

@inproceedings{rahimi2009weighted,
  title={Weighted sums of random kitchen sinks: Replacing minimization with randomization in learning},
  author={Rahimi, Ali and Recht, Benjamin},
  booktitle={Advances in neural information processing systems},
  pages={1313--1320},
  year={2009},
  url={http://papers.nips.cc/paper/3495-weighted-sums-of-random-kitchen-sinks-replacing-minimization-with}
}

@article{xu2017second,
  title={Second-order optimization for non-convex machine learning: An empirical study},
  author={Xu, Peng and Roosta-Khorasan, Farbod and Mahoney, Michael W},
  journal={arXiv preprint arXiv:1708.07827},
  year={2017},
  url={https://arxiv.org/abs/1708.07827}
}

@article{li2018visualizing,
  author    = {Hao Li and
               Zheng Xu and
               Gavin Taylor and
               Tom Goldstein},
  title     = {Visualizing the Loss Landscape of Neural Nets},
  journal   = {CoRR},
  volume    = {abs/1712.09913},
  year      = {2017},
  url       = {http://arxiv.org/abs/1712.09913},
  archivePrefix = {arXiv},
  eprint    = {1712.09913},
  timestamp = {Mon, 13 Aug 2018 16:48:49 +0200},
  biburl    = {https://dblp.org/rec/bib/journals/corr/abs-1712-09913},
  bibsource = {dblp computer science bibliography, https://dblp.org}
}

@article{Alberti2018AMT,
  title={A Modern Take on the Bias-Variance Tradeoff in Neural Networks},
  author={D Alberti and Kui Li and Aristide Baratin and Sahar Toluee Achacheluee and Matthew Scicluna and Simon Lacoste-Julien and Ioannis Mitliagkas},
  journal={CoRR},
  year={2018},
  volume={abs/1810.08591},
  url={https://arxiv.org/pdf/1810.08591.pdf}
}

@inproceedings{goodfellow2015qualitatively,
title	= {Qualitatively Characterizing Neural Network Optimization Problems},
author	= {Ian Goodfellow and Oriol Vinyals and Andrew Saxe},
year	= {2015},
url	= {http://arxiv.org/abs/1412.6544},
booktitle	= {International Conference on Learning Representations}
}
